@article{belenky2003ip,
   Author = {Mittal, Sparsh and Vetter, Jeffrey S.},
   Title = {A SUrvey of Methods for Analyzing and Improving GPU Energy Efficiency},
   Journal = {ACM Comput. Surv.},
   Volume = {47},
   Number = {19},
   Pages = {23},
 Year = {July 2014} }