
% example of an article reference
@article{belenky2003ip,
   Author = {Mittal, Sparsh and Vetter, Jeffrey S.},
   Title = {A SUrvey of Methods for Analyzing and Improving GPU Energy Efficiency},
   Journal = {ACM Comput. Surv.},
   Volume = {47},
   Number = {19},
   Pages = {23},
 Year = {July 2014} }

% example of an IETF reference
@misc{ietf-ipfix-protocol,
   Author = {B. Claise},
   Title = {{IPFIX} Protocol Specifications},
   Month = {December},
   Year = {2004},
   howpublished = {Internet-Draft, draft-ietf-ipfix-protocol-07}
}

% example of a conference proceedings reference
@inproceedings{snoeren2001hash,
   Author = {Snoeren, Alex C. and Partridge, Craig and Sanchez, Luis A. and Jones, Christine E. and Tchakountio, Fabrice and Kent, Stephen T. and Strayer, W. Timothy},
   Title = {Hash-Based {IP} Traceback},
   BookTitle = {ACM SIGCOMM 2001 Conference on Applications, Technologies, Architectures, and Protocols for Computer Communication},
 Year = {2001} }


% example of an article reference
@article{belenky2003ip,
   Author = {Mittal, Sparsh and Vetter, Jeffrey S.},
   Title = {A SUrvey of Methods for Analyzing and Improving GPU Energy Efficiency},
   Journal = {IEEE Communications Letters},
   Volume = {7},
   Number = {4},
   Pages = {162-164},
 Year = {2003} }




